@book{Mayhew1991,
  title={Divided We Govern},
  author={Mayhew, David R},
  year={1991},
  publisher={Yale University Press}
}

@article{ansolabehere2018divided,
  title={Divided government and significant legislation: A History of Congress from 1789 to 2010},
  author={Ansolabehere, Stephen and Palmer, Maxwell and Schneer, Benjamin},
  journal={Social Science History},
  volume={42},
  number={1},
  pages={81--108},
  year={2018},
  publisher={Cambridge University Press}
}

@inbook{ansolabehere_palmer_schneer_2016, place={Cambridge}, title={What Has Congress Done?}, DOI={10.1017/CBO9781316154977.010}, booktitle={Governing in a Polarized Age: Elections, Parties, and Political Representation in America}, publisher={Cambridge University Press}, author={Ansolabehere, Stephen and Palmer, Maxwell and Schneer, Benjamin}, editor={Gerber, Alan S. and Schickler, EricEditors}, year={2016}, pages={243â€“266}}